% Encoding: UTF-8

@Article{cb2015,
  author  = {Coppock, Elizabeth and Beaver, David},
  title   = {Definiteness and determinacy},
  journal = {Linguistics and Philosophy},
  year    = {2015},
  volume  = {38},
  pages   = {377--435},
}

@Article{cb2012a,
  author  = {Coppock, Elizabeth and Beaver, David},
  title   = {Exclusivity, uniqueness, and definiteness},
  journal = {Empirical Issues in Syntax and Semantics},
  year    = {2012a},
  volume  = {9},
  pages   = {59--76},
}

@Article{cb2012b,
  author  = {Coppock, Elizabeth and Beaver, David},
  title   = {Weak uniqueness: The only difference between definites and indefinites},
  journal = {Proceedings of Semantics and Linguistics Theory},
  year    = {2012b},
  volume  = {22},
  pages   = {527--544},
}

@InCollection{partee86,
  author    = {Partee, Barbara},
  title     = {Noun phrase interpretation and type-shifting principles},
  booktitle = {Studies in discourse representation theory and the theory of generalized quantifiers},
  publisher = {Foris},
  year      = {1986},
  editor    = {Groenedijk, Jeroen and de Jongh, Dick and Stokhof, Martin},
  pages     = {115--144},
  address   = {Dordrecht},
}

@Article{chierchia98,
  author  = {Chierchia, Gennaro},
  title   = {Reference to kinds across languages},
  journal = {Natural Language Semantics},
  year    = {1998},
  volume  = {6},
  pages   = {339--405},
}

@Article{mcnally08,
  author  = {McNally, Louise},
  title   = {{DP}-internal \textit{only}, amount relatives, and relatives out of existentials},
  journal = {Linguistic Inquiry},
  year    = {2008},
  volume  = {39},
  number  = {1},
  pages   = {161--169},
}

@InCollection{davidson67,
  author    = {Davidson, Donald},
  title     = {The Logical Form of Action Sentences},
  booktitle = {The Logic of Decision and Action},
  publisher = {Pittsburgh: University of Pittsburgh Press},
  year      = {1967},
  editor    = {Nicholas Rescher},
  pages     = {81-120},
}

@Comment{jabref-meta: databaseType:bibtex;}
